@article{held1962dynamic,
	title={A dynamic programming approach to sequencing problems},
	author={Held, Michael and Karp, Richard M},
	journal={Journal of the Society for Industrial and Applied
		mathematics},
	volume={10},
	number={1},
	pages={196--210},
	year={1962},
	publisher={SIAM}
}
@book{algorithmdesign,
	title={Algorithm Design},
	author={Jon Kleinberg and Ã‰va Tardos},
	publisher={Pearson Education},
	year={2006}
}
